@conference{ouroboros_classic,
  author    = {Aggelos Kiayias and Alexander Russell and Bernardo David and Roman Oliynykov},
  title     = {Ouroboros: A Provably Secure Proof-of-Stake Blockchain Protocol},
  booktitle = {Advances in Cryptology -- CRYPTO 2017},
  series    = {Security and Cryptology},
  volume    = {10401},
  year      = {2017},
  publisher = {Springer International Publishing},
  url       = {https://eprint.iacr.org/2016/889},
  doi       = {10.1007/978-3-319-63688-7},
}

@article{utxo_accounting,
  author  = {Joachim Zahnentferner},
  title   = {Chimeric Ledgers: Translating and Unifying UTXO-based and Account-based Cryptocurrencies},
  journal = {Cryptology ePrint Archive, Report 2018/262},
  year    = {2018},
  url     = {https://eprint.iacr.org/2018/262},
}

@misc{bip32,
  author = {Pieter Wuille},
  title  = {Hierarchical Deterministic Wallets},
  year   = {2012},
  month  = {February},
  url    = {https://github.com/bitcoin/bips/blob/master/bip-0032.mediawiki},
  note   = {BIP-32},
}
