@misc{ouroboros,
    author = {Aggelos Kiayias and Alexander Russell and Bernardo David and Roman Oliynykov},
    title = {Ouroboros: A Provably Secure Proof-of-Stake Blockchain Protocol},
    howpublished = {Cryptology ePrint Archive, Report 2016/889},
    year = {2016},
    note = {\url{http://eprint.iacr.org/2016/889}},
}

@misc{utxo_accounting,
    author = {Bruno {Woltzenlogel Paleo}},
    title = {Translating and Unifying UTxO-based and Account-based Cryptocurrencies},
    howpublished = {IOHK draft technical report},
    year = {2017}
}
